<?xml version="1.0" encoding="UTF-8"?><record xmlns="http://www.loc.gov/MARC21/slim" xmlns:cinclude="http://apache.org/cocoon/include/1.0" xmlns:zs="http://www.loc.gov/zing/srw/">
  <leader>00417nz  a2200121n  4500</leader>
  <controlfield tag="001">no 91010675 </controlfield>
  <controlfield tag="003">DLC</controlfield>
  <controlfield tag="005">19910429134330.1</controlfield>
  <controlfield tag="008">910425n| acannaab|          |n aaa     c</controlfield>
  <datafield tag="010" ind1=" " ind2=" ">
    <subfield code="a">no 91010675 </subfield>
  </datafield>
  <datafield tag="040" ind1=" " ind2=" ">
    <subfield code="a">InU</subfield>
    <subfield code="c">InU</subfield>
  </datafield>
  <datafield tag="100" ind1="1" ind2="0">
    <subfield code="a">Atoh, Makoto</subfield>
  </datafield>
  <datafield tag="670" ind1=" " ind2=" ">
    <subfield code="a">His Comparative analysis of unplanned births ... 1989:</subfield>
    <subfield code="b">t.p. (Makoto Atoh) p. 775 (Makoto Nohara Atoh, Institute of Population Problems, Ministry of Health and Welfare)</subfield>
  </datafield>
</record>